<record><leader>00000cas a2200000 a 4500</leader><controlfield tag="001">36321284</controlfield><controlfield tag="008">970204d19161946miudn n       0    0eng c</controlfield><datafield ind1=" " ind2=" " tag="010"><subfield code="a">sn 97063135 </subfield></datafield><datafield ind1=" " ind2=" " tag="040"><subfield code="a">MHN</subfield><subfield code="b">eng</subfield><subfield code="c">MHN</subfield><subfield code="d">OCL</subfield><subfield code="d">OCLCQ</subfield><subfield code="d">OCLCF</subfield><subfield code="d">OCLCO</subfield></datafield><datafield ind1="1" ind2=" " tag="029"><subfield code="a">AU@</subfield><subfield code="b">000013092653</subfield></datafield><datafield ind1=" " ind2=" " tag="042"><subfield code="a">pcc</subfield></datafield><datafield ind1=" " ind2=" " tag="043"><subfield code="a">n-us-mi</subfield></datafield><datafield ind1="0" ind2="4" tag="245"><subfield code="a">The Sturgis daily journal.</subfield></datafield><datafield ind1=" " ind2=" " tag="260"><subfield code="a">Sturgis, Mich. :</subfield><subfield code="b">Mark P. Haines</subfield></datafield><datafield ind1=" " ind2=" " tag="300"><subfield code="a">v.</subfield></datafield><datafield ind1=" " ind2=" " tag="310"><subfield code="a">Daily (except Sun.)</subfield></datafield><datafield ind1="1" ind2=" " tag="362"><subfield code="a">Began in 1916?</subfield></datafield><datafield ind1="0" ind2=" " tag="362"><subfield code="a">-86th yr., no. 169 (Apr. 4, 1946).</subfield></datafield><datafield ind1=" " ind2=" " tag="500"><subfield code="a">Issue called: Fall Festival and Progress ed., Aug. 27, 1935.</subfield></datafield><datafield ind1=" " ind2=" " tag="580"><subfield code="a">Formed by the union of: Sturgis semi-weekly journal, and: Sturgis times-Democrat?</subfield></datafield><datafield ind1=" " ind2=" " tag="588"><subfield code="a">Description based on: [59th yr], no. 4 (Sept. 17, 1917).</subfield></datafield><datafield ind1=" " ind2="0" tag="651"><subfield code="a">Sturgis (Mich.)</subfield><subfield code="v">Newspapers.</subfield></datafield><datafield ind1=" " ind2="0" tag="651"><subfield code="a">Saint Joseph County (Mich.)</subfield><subfield code="v">Newspapers.</subfield></datafield><datafield ind1=" " ind2="7" tag="655"><subfield code="a">Newspapers.</subfield><subfield code="2">fast</subfield><subfield code="0">(OCoLC)fst01423814</subfield></datafield><datafield ind1=" " ind2="7" tag="651"><subfield code="a">Michigan</subfield><subfield code="z">Saint Joseph County.</subfield><subfield code="2">fast</subfield><subfield code="0">(OCoLC)fst01210520</subfield></datafield><datafield ind1=" " ind2="7" tag="651"><subfield code="a">Michigan</subfield><subfield code="z">Sturgis.</subfield><subfield code="2">fast</subfield><subfield code="0">(OCoLC)fst01216373</subfield></datafield><datafield ind1=" " ind2=" " tag="752"><subfield code="a">United States</subfield><subfield code="b">Michigan</subfield><subfield code="c">Saint Joseph</subfield><subfield code="d">Sturgis.</subfield></datafield><datafield ind1="1" ind2="4" tag="780"><subfield code="t">Sturgis semi-weekly journal</subfield></datafield><datafield ind1="1" ind2="4" tag="780"><subfield code="t">Sturgis times-Democrat</subfield><subfield code="w">(DLC)sn 98066436</subfield><subfield code="w">(OCoLC)39519201</subfield></datafield><datafield ind1="0" ind2="0" tag="785"><subfield code="t">Sturgis journal (Sturgis, Mich. : 1946)</subfield><subfield code="w">(DLC)sn 97063136</subfield><subfield code="w">(OCoLC)36360256</subfield></datafield></record>